<record><leader>00000cas a22000007a 4500</leader><controlfield tag="001">17590324</controlfield><controlfield tag="008">880307d193u193utxuwr ne      0    0eng d</controlfield><datafield ind1=" " ind2=" " tag="010"><subfield code="a">sn 88083101 </subfield></datafield><datafield ind1=" " ind2=" " tag="040"><subfield code="a">PPM</subfield><subfield code="b">eng</subfield><subfield code="c">PPM</subfield><subfield code="d">OCLCQ</subfield></datafield><datafield ind1=" " ind2=" " tag="042"><subfield code="a">msc</subfield></datafield><datafield ind1="0" ind2=" " tag="130"><subfield code="a">Tri-county news (Luling, Tex.)</subfield></datafield><datafield ind1="1" ind2="4" tag="245"><subfield code="a">The tri-county news.</subfield></datafield><datafield ind1=" " ind2=" " tag="260"><subfield code="a">Luling, Tex. :</subfield><subfield code="b">L.H. Bridgess</subfield></datafield><datafield ind1=" " ind2=" " tag="310"><subfield code="a">Weekly</subfield></datafield><datafield ind1=" " ind2=" " tag="588"><subfield code="a">Description based on: Vol. 4, no. 50 (Sept. 17, 1936).</subfield></datafield><datafield ind1=" " ind2=" " tag="752"><subfield code="a">United States</subfield><subfield code="b">Texas</subfield><subfield code="c">Caldwell</subfield><subfield code="d">Luling.</subfield></datafield><datafield ind1="0" ind2="4" tag="785"><subfield code="t">Luling signal</subfield><subfield code="w">(DLC)sn 86088878</subfield></datafield></record>